@article{schmidt2017,
  title={Minimizing finite sums with the stochastic average gradient},
  author={Schmidt, Mark and Le Roux, Nicolas and Bach, Francis},
  journal={Mathematical Programming},
  volume={162},
  number={1-2},
  pages={83--112},
  year={2017},
  publisher={Springer}
}

@article{mania2015,
  title={Perturbed iterate analysis for asynchronous stochastic optimization},
  author={Mania, Horia and Pan, Xinghao and Papailiopoulos, Dimitris and Recht, Benjamin and Ramchandran, Kannan and Jordan, Michael I},
  journal={arXiv preprint arXiv:1507.06970},
  year={2015}
}

@article{allen2016,
  title={Katyusha: The first direct acceleration of stochastic gradient methods},
  author={Allen-Zhu, Zeyuan},
  journal={arXiv preprint arXiv:1603.05953},
  year={2016}
}
